[
  {
    "Company":"Tesla",
    "Date":"2015-12-31",
    "Assets":"N\/A",
    "CashAndCashEquivalentsAtCarryingValue":1196908000,
    "CostOfRevenue":3122522000,
    "EarningsPerShareDiluted":-6.93,
    "GrossProfit":923503000,
    "Liabilities":"N\/A",
    "NetCashProvidedByUsedInFinancingActivities":"N\/A",
    "NetCashProvidedByUsedInInvestingActivities":"N\/A",
    "NetCashProvidedByUsedInOperatingActivities":"N\/A",
    "NetIncomeLoss":-888663000,
    "OperatingExpenses":1640132000,
    "OperatingIncomeLoss":-716629000,
    "Revenues":4046025000,
    "StockholdersEquity":"N\/A"
  },
  {
    "Company":"Tesla",
    "Date":"2016-03-31",
    "Assets":"N\/A",
    "CashAndCashEquivalentsAtCarryingValue":"N\/A",
    "CostOfRevenue":"N\/A",
    "EarningsPerShareDiluted":"N\/A",
    "GrossProfit":252468000,
    "Liabilities":"N\/A",
    "NetCashProvidedByUsedInFinancingActivities":"N\/A",
    "NetCashProvidedByUsedInInvestingActivities":"N\/A",
    "NetCashProvidedByUsedInOperatingActivities":"N\/A",
    "NetIncomeLoss":-282267000,
    "OperatingExpenses":"N\/A",
    "OperatingIncomeLoss":"N\/A",
    "Revenues":1147048000,
    "StockholdersEquity":"N\/A"
  },
  {
    "Company":"Tesla",
    "Date":"2016-06-30",
    "Assets":"N\/A",
    "CashAndCashEquivalentsAtCarryingValue":"N\/A",
    "CostOfRevenue":"N\/A",
    "EarningsPerShareDiluted":"N\/A",
    "GrossProfit":274776000,
    "Liabilities":"N\/A",
    "NetCashProvidedByUsedInFinancingActivities":"N\/A",
    "NetCashProvidedByUsedInInvestingActivities":"N\/A",
    "NetCashProvidedByUsedInOperatingActivities":"N\/A",
    "NetIncomeLoss":-293188000,
    "OperatingExpenses":"N\/A",
    "OperatingIncomeLoss":"N\/A",
    "Revenues":1270017000,
    "StockholdersEquity":"N\/A"
  },
  {
    "Company":"Tesla",
    "Date":"2016-09-30",
    "Assets":"N\/A",
    "CashAndCashEquivalentsAtCarryingValue":"N\/A",
    "CostOfRevenue":"N\/A",
    "EarningsPerShareDiluted":"N\/A",
    "GrossProfit":636735000,
    "Liabilities":"N\/A",
    "NetCashProvidedByUsedInFinancingActivities":"N\/A",
    "NetCashProvidedByUsedInInvestingActivities":"N\/A",
    "NetCashProvidedByUsedInOperatingActivities":"N\/A",
    "NetIncomeLoss":21878000,
    "OperatingExpenses":"N\/A",
    "OperatingIncomeLoss":"N\/A",
    "Revenues":2298436000,
    "StockholdersEquity":"N\/A"
  },
  {
    "Company":"Tesla",
    "Date":"2016-12-31",
    "Assets":22664076000,
    "CashAndCashEquivalentsAtCarryingValue":3393000000,
    "CostOfRevenue":5400875000,
    "EarningsPerShareDiluted":-4.68,
    "GrossProfit":435278000,
    "Liabilities":16750167000,
    "NetCashProvidedByUsedInFinancingActivities":3743976000,
    "NetCashProvidedByUsedInInvestingActivities":-1081085000,
    "NetCashProvidedByUsedInOperatingActivities":-123829000,
    "NetIncomeLoss":-121337000,
    "OperatingExpenses":2266597000,
    "OperatingIncomeLoss":-667340000,
    "Revenues":2284631000,
    "StockholdersEquity":4752911000
  },
  {
    "Company":"Tesla",
    "Date":"2017-03-31",
    "Assets":"N\/A",
    "CashAndCashEquivalentsAtCarryingValue":4006593000,
    "CostOfRevenue":2028324000,
    "EarningsPerShareDiluted":-2.04,
    "GrossProfit":667946000,
    "Liabilities":"N\/A",
    "NetCashProvidedByUsedInFinancingActivities":"N\/A",
    "NetCashProvidedByUsedInInvestingActivities":"N\/A",
    "NetCashProvidedByUsedInOperatingActivities":"N\/A",
    "NetIncomeLoss":-330277000,
    "OperatingExpenses":925495000,
    "OperatingIncomeLoss":-257549000,
    "Revenues":2696270000,
    "StockholdersEquity":"N\/A"
  },
  {
    "Company":"Tesla",
    "Date":"2017-06-30",
    "Assets":"N\/A",
    "CashAndCashEquivalentsAtCarryingValue":3035924000,
    "CostOfRevenue":2122942000,
    "EarningsPerShareDiluted":-2.04,
    "GrossProfit":666615000,
    "Liabilities":"N\/A",
    "NetCashProvidedByUsedInFinancingActivities":2027516000,
    "NetCashProvidedByUsedInInvestingActivities":-2039631000,
    "NetCashProvidedByUsedInOperatingActivities":-269983000,
    "NetIncomeLoss":-336397000,
    "OperatingExpenses":907531000,
    "OperatingIncomeLoss":-240916000,
    "Revenues":2789557000,
    "StockholdersEquity":"N\/A"
  },
  {
    "Company":"Tesla",
    "Date":"2017-09-30",
    "Assets":"N\/A",
    "CashAndCashEquivalentsAtCarryingValue":3530030000,
    "CostOfRevenue":2535535000,
    "EarningsPerShareDiluted":-3.7,
    "GrossProfit":449140000,
    "Liabilities":"N\/A",
    "NetCashProvidedByUsedInFinancingActivities":4129022000,
    "NetCashProvidedByUsedInInvestingActivities":-3284358000,
    "NetCashProvidedByUsedInOperatingActivities":-570545000,
    "NetIncomeLoss":-619376000,
    "OperatingExpenses":984620000,
    "OperatingIncomeLoss":-535480000,
    "Revenues":2984675000,
    "StockholdersEquity":"N\/A"
  },
  {
    "Company":"Tesla",
    "Date":"2017-12-31",
    "Assets":28655372000,
    "CashAndCashEquivalentsAtCarryingValue":3368000000,
    "CostOfRevenue":9536000000,
    "EarningsPerShareDiluted":-11.83,
    "GrossProfit":438786000,
    "Liabilities":23022980000,
    "NetCashProvidedByUsedInFinancingActivities":4415000000,
    "NetCashProvidedByUsedInInvestingActivities":-4196000000,
    "NetCashProvidedByUsedInOperatingActivities":-61000000,
    "NetIncomeLoss":-675350000,
    "OperatingExpenses":3855000000,
    "OperatingIncomeLoss":-1632000000,
    "Revenues":3288249000,
    "StockholdersEquity":4237242000
  },
  {
    "Company":"Tesla",
    "Date":"2018-03-31",
    "Assets":27271429000,
    "CashAndCashEquivalentsAtCarryingValue":2665673000,
    "CostOfRevenue":2952225000,
    "EarningsPerShareDiluted":-4.19,
    "GrossProfit":456000000,
    "Liabilities":21551021000,
    "NetCashProvidedByUsedInFinancingActivities":371660000,
    "NetCashProvidedByUsedInInvestingActivities":-728637000,
    "NetCashProvidedByUsedInOperatingActivities":-398376000,
    "NetIncomeLoss":-709000000,
    "OperatingExpenses":1053500000,
    "OperatingIncomeLoss":-596974000,
    "Revenues":3409000000,
    "StockholdersEquity":4450695000
  },
  {
    "Company":"Tesla",
    "Date":"2018-06-30",
    "Assets":27910000000,
    "CashAndCashEquivalentsAtCarryingValue":2236424000,
    "CostOfRevenue":3383301000,
    "EarningsPerShareDiluted":-4.22,
    "GrossProfit":619000000,
    "Liabilities":22642887000,
    "NetCashProvidedByUsedInFinancingActivities":770282000,
    "NetCashProvidedByUsedInInvestingActivities":-1411454000,
    "NetCashProvidedByUsedInOperatingActivities":-528040000,
    "NetIncomeLoss":-718000000,
    "OperatingExpenses":1240322000,
    "OperatingIncomeLoss":-621392000,
    "Revenues":4002000000,
    "StockholdersEquity":3906421000
  },
  {
    "Company":"Tesla",
    "Date":"2018-09-30",
    "Assets":29262713000,
    "CashAndCashEquivalentsAtCarryingValue":2967000000,
    "CostOfRevenue":5300000000,
    "EarningsPerShareDiluted":1.75,
    "GrossProfit":1524000000,
    "Liabilities":23409144000,
    "NetCashProvidedByUsedInFinancingActivities":686000000,
    "NetCashProvidedByUsedInInvestingActivities":-1972000000,
    "NetCashProvidedByUsedInOperatingActivities":863000000,
    "NetIncomeLoss":311000000,
    "OperatingExpenses":1108000000,
    "OperatingIncomeLoss":416000000,
    "Revenues":6824000000,
    "StockholdersEquity":4508838000
  },
  {
    "Company":"Tesla",
    "Date":"2018-12-31",
    "Assets":29740000000,
    "CashAndCashEquivalentsAtCarryingValue":3686000000,
    "CostOfRevenue":17419000000,
    "EarningsPerShareDiluted":-1.14,
    "GrossProfit":1443000000,
    "Liabilities":23427000000,
    "NetCashProvidedByUsedInFinancingActivities":574000000,
    "NetCashProvidedByUsedInInvestingActivities":-2337000000,
    "NetCashProvidedByUsedInOperatingActivities":2098000000,
    "NetIncomeLoss":140000000,
    "OperatingExpenses":4430000000,
    "OperatingIncomeLoss":-388000000,
    "Revenues":7226000000,
    "StockholdersEquity":4923000000
  },
  {
    "Company":"Tesla",
    "Date":"2019-03-31",
    "Assets":28912524000,
    "CashAndCashEquivalentsAtCarryingValue":2198000000,
    "CostOfRevenue":3975000000,
    "EarningsPerShareDiluted":-4.1,
    "GrossProfit":566000000,
    "Liabilities":22874618000,
    "NetCashProvidedByUsedInFinancingActivities":-653000000,
    "NetCashProvidedByUsedInInvestingActivities":-306000000,
    "NetCashProvidedByUsedInOperatingActivities":-640000000,
    "NetIncomeLoss":-702000000,
    "OperatingExpenses":1088000000,
    "OperatingIncomeLoss":-522000000,
    "Revenues":4541000000,
    "StockholdersEquity":4605596000
  },
  {
    "Company":"Tesla",
    "Date":"2019-06-30",
    "Assets":31872597000,
    "CashAndCashEquivalentsAtCarryingValue":4955000000,
    "CostOfRevenue":5429000000,
    "EarningsPerShareDiluted":-2.31,
    "GrossProfit":921000000,
    "Liabilities":24722136000,
    "NetCashProvidedByUsedInFinancingActivities":1490000000,
    "NetCashProvidedByUsedInInvestingActivities":-547000000,
    "NetCashProvidedByUsedInOperatingActivities":224000000,
    "NetIncomeLoss":-408000000,
    "OperatingExpenses":1088000000,
    "OperatingIncomeLoss":-167000000,
    "Revenues":6350000000,
    "StockholdersEquity":5715393000
  },
  {
    "Company":"Tesla",
    "Date":"2019-09-30",
    "Assets":32795000000,
    "CashAndCashEquivalentsAtCarryingValue":5338000000,
    "CostOfRevenue":5112000000,
    "EarningsPerShareDiluted":0.16,
    "GrossProfit":1191000000,
    "Liabilities":25313000000,
    "NetCashProvidedByUsedInFinancingActivities":1608000000,
    "NetCashProvidedByUsedInInvestingActivities":-1033000000,
    "NetCashProvidedByUsedInOperatingActivities":980000000,
    "NetIncomeLoss":143000000,
    "OperatingExpenses":930000000,
    "OperatingIncomeLoss":261000000,
    "Revenues":6303000000,
    "StockholdersEquity":6040000000
  },
  {
    "Company":"Tesla",
    "Date":"2019-12-31",
    "Assets":34309000000,
    "CashAndCashEquivalentsAtCarryingValue":6268000000,
    "CostOfRevenue":20509000000,
    "EarningsPerShareDiluted":-0.98,
    "GrossProfit":1391000000,
    "Liabilities":26199000000,
    "NetCashProvidedByUsedInFinancingActivities":1529000000,
    "NetCashProvidedByUsedInInvestingActivities":-1436000000,
    "NetCashProvidedByUsedInOperatingActivities":2405000000,
    "NetIncomeLoss":105000000,
    "OperatingExpenses":4138000000,
    "OperatingIncomeLoss":-69000000,
    "Revenues":7384000000,
    "StockholdersEquity":6618000000
  },
  {
    "Company":"Tesla",
    "Date":"2020-03-31",
    "Assets":37250000000,
    "CashAndCashEquivalentsAtCarryingValue":8080000000,
    "CostOfRevenue":4751000000,
    "EarningsPerShareDiluted":0.02,
    "GrossProfit":1234000000,
    "Liabilities":26518000000,
    "NetCashProvidedByUsedInFinancingActivities":2708000000,
    "NetCashProvidedByUsedInInvestingActivities":-480000000,
    "NetCashProvidedByUsedInOperatingActivities":-440000000,
    "NetIncomeLoss":16000000,
    "OperatingExpenses":951000000,
    "OperatingIncomeLoss":283000000,
    "Revenues":5985000000,
    "StockholdersEquity":9173000000
  },
  {
    "Company":"Tesla",
    "Date":"2020-06-30",
    "Assets":38135000000,
    "CashAndCashEquivalentsAtCarryingValue":8615000000,
    "CostOfRevenue":4769000000,
    "EarningsPerShareDiluted":0.1,
    "GrossProfit":1267000000,
    "Liabilities":26754000000,
    "NetCashProvidedByUsedInFinancingActivities":2831000000,
    "NetCashProvidedByUsedInInvestingActivities":-1046000000,
    "NetCashProvidedByUsedInOperatingActivities":524000000,
    "NetIncomeLoss":104000000,
    "OperatingExpenses":940000000,
    "OperatingIncomeLoss":327000000,
    "Revenues":6036000000,
    "StockholdersEquity":9855000000
  },
  {
    "Company":"Tesla",
    "Date":"2020-09-30",
    "Assets":45691000000,
    "CashAndCashEquivalentsAtCarryingValue":14531000000,
    "CostOfRevenue":6708000000,
    "EarningsPerShareDiluted":0.27,
    "GrossProfit":2063000000,
    "Liabilities":28143000000,
    "NetCashProvidedByUsedInFinancingActivities":7281000000,
    "NetCashProvidedByUsedInInvestingActivities":-2085000000,
    "NetCashProvidedByUsedInOperatingActivities":2924000000,
    "NetIncomeLoss":331000000,
    "OperatingExpenses":1254000000,
    "OperatingIncomeLoss":809000000,
    "Revenues":8771000000,
    "StockholdersEquity":16031000000
  },
  {
    "Company":"Tesla",
    "Date":"2020-12-31",
    "Assets":52148000000,
    "CashAndCashEquivalentsAtCarryingValue":19384000000,
    "CostOfRevenue":24906000000,
    "EarningsPerShareDiluted":0.21,
    "GrossProfit":2066000000,
    "Liabilities":28418000000,
    "NetCashProvidedByUsedInFinancingActivities":9973000000,
    "NetCashProvidedByUsedInInvestingActivities":-3132000000,
    "NetCashProvidedByUsedInOperatingActivities":5943000000,
    "NetIncomeLoss":270000000,
    "OperatingExpenses":4636000000,
    "OperatingIncomeLoss":1994000000,
    "Revenues":10744000000,
    "StockholdersEquity":22225000000
  },
  {
    "Company":"Tesla",
    "Date":"2021-03-31",
    "Assets":52972000000,
    "CashAndCashEquivalentsAtCarryingValue":17141000000,
    "CostOfRevenue":8174000000,
    "EarningsPerShareDiluted":0.39,
    "GrossProfit":2215000000,
    "Liabilities":28507000000,
    "NetCashProvidedByUsedInFinancingActivities":-1016000000,
    "NetCashProvidedByUsedInInvestingActivities":-2582000000,
    "NetCashProvidedByUsedInOperatingActivities":1641000000,
    "NetIncomeLoss":438000000,
    "OperatingExpenses":1621000000,
    "OperatingIncomeLoss":594000000,
    "Revenues":10389000000,
    "StockholdersEquity":23017000000
  },
  {
    "Company":"Tesla",
    "Date":"2021-06-30",
    "Assets":55146000000,
    "CashAndCashEquivalentsAtCarryingValue":16229000000,
    "CostOfRevenue":9074000000,
    "EarningsPerShareDiluted":1.02,
    "GrossProfit":2884000000,
    "Liabilities":28896000000,
    "NetCashProvidedByUsedInFinancingActivities":-2565000000,
    "NetCashProvidedByUsedInInvestingActivities":-4097000000,
    "NetCashProvidedByUsedInOperatingActivities":3765000000,
    "NetIncomeLoss":1142000000,
    "OperatingExpenses":1572000000,
    "OperatingIncomeLoss":1312000000,
    "Revenues":11958000000,
    "StockholdersEquity":24804000000
  },
  {
    "Company":"Tesla",
    "Date":"2021-09-30",
    "Assets":57834000000,
    "CashAndCashEquivalentsAtCarryingValue":16065000000,
    "CostOfRevenue":10097000000,
    "EarningsPerShareDiluted":0.48,
    "GrossProfit":3660000000,
    "Liabilities":29340000000,
    "NetCashProvidedByUsedInFinancingActivities":-3946000000,
    "NetCashProvidedByUsedInInvestingActivities":-5952000000,
    "NetCashProvidedByUsedInOperatingActivities":6912000000,
    "NetIncomeLoss":1618000000,
    "OperatingExpenses":1656000000,
    "OperatingIncomeLoss":2004000000,
    "Revenues":13757000000,
    "StockholdersEquity":27053000000
  },
  {
    "Company":"Tesla",
    "Date":"2021-12-31",
    "Assets":62131000000,
    "CashAndCashEquivalentsAtCarryingValue":17576000000,
    "CostOfRevenue":40217000000,
    "EarningsPerShareDiluted":1.63,
    "GrossProfit":13606000000,
    "Liabilities":30548000000,
    "NetCashProvidedByUsedInFinancingActivities":-5203000000,
    "NetCashProvidedByUsedInInvestingActivities":-7868000000,
    "NetCashProvidedByUsedInOperatingActivities":11497000000,
    "NetIncomeLoss":5519000000,
    "OperatingExpenses":7083000000,
    "OperatingIncomeLoss":6523000000,
    "Revenues":53823000000,
    "StockholdersEquity":30189000000
  },
  {
    "Company":"Tesla",
    "Date":"2022-03-31",
    "Assets":66038000000,
    "CashAndCashEquivalentsAtCarryingValue":17505000000,
    "CostOfRevenue":13296000000,
    "EarningsPerShareDiluted":0.95,
    "GrossProfit":5460000000,
    "Liabilities":30632000000,
    "NetCashProvidedByUsedInFinancingActivities":-1914000000,
    "NetCashProvidedByUsedInInvestingActivities":-2167000000,
    "NetCashProvidedByUsedInOperatingActivities":3995000000,
    "NetIncomeLoss":3318000000,
    "OperatingExpenses":1857000000,
    "OperatingIncomeLoss":3603000000,
    "Revenues":18756000000,
    "StockholdersEquity":34085000000
  },
  {
    "Company":"Tesla",
    "Date":"2022-06-30",
    "Assets":68513000000,
    "CashAndCashEquivalentsAtCarryingValue":18324000000,
    "CostOfRevenue":12700000000,
    "EarningsPerShareDiluted":0.65,
    "GrossProfit":4234000000,
    "Liabilities":30855000000,
    "NetCashProvidedByUsedInFinancingActivities":-2320000000,
    "NetCashProvidedByUsedInInvestingActivities":-3051000000,
    "NetCashProvidedByUsedInOperatingActivities":6346000000,
    "NetIncomeLoss":2259000000,
    "OperatingExpenses":1770000000,
    "OperatingIncomeLoss":2464000000,
    "Revenues":16934000000,
    "StockholdersEquity":36376000000
  },
  {
    "Company":"Tesla",
    "Date":"2022-09-30",
    "Assets":74426000000,
    "CashAndCashEquivalentsAtCarryingValue":19532000000,
    "CostOfRevenue":16072000000,
    "EarningsPerShareDiluted":0.95,
    "GrossProfit":5382000000,
    "Liabilities":33302000000,
    "NetCashProvidedByUsedInFinancingActivities":-3032000000,
    "NetCashProvidedByUsedInInvestingActivities":-5842000000,
    "NetCashProvidedByUsedInOperatingActivities":11446000000,
    "NetIncomeLoss":3292000000,
    "OperatingExpenses":1694000000,
    "OperatingIncomeLoss":3688000000,
    "Revenues":21454000000,
    "StockholdersEquity":39851000000
  },
  {
    "Company":"Tesla",
    "Date":"2022-12-31",
    "Assets":82338000000,
    "CashAndCashEquivalentsAtCarryingValue":16253000000,
    "CostOfRevenue":60609000000,
    "EarningsPerShareDiluted":3.62,
    "GrossProfit":20853000000,
    "Liabilities":36440000000,
    "NetCashProvidedByUsedInFinancingActivities":-3527000000,
    "NetCashProvidedByUsedInInvestingActivities":-11973000000,
    "NetCashProvidedByUsedInOperatingActivities":14724000000,
    "NetIncomeLoss":12556000000,
    "OperatingExpenses":7197000000,
    "OperatingIncomeLoss":13656000000,
    "Revenues":81462000000,
    "StockholdersEquity":44704000000
  },
  {
    "Company":"Tesla",
    "Date":"2023-03-31",
    "Assets":86833000000,
    "CashAndCashEquivalentsAtCarryingValue":16048000000,
    "CostOfRevenue":18818000000,
    "EarningsPerShareDiluted":0.73,
    "GrossProfit":4511000000,
    "Liabilities":37598000000,
    "NetCashProvidedByUsedInFinancingActivities":-233000000,
    "NetCashProvidedByUsedInInvestingActivities":-2484000000,
    "NetCashProvidedByUsedInOperatingActivities":2513000000,
    "NetIncomeLoss":2513000000,
    "OperatingExpenses":1847000000,
    "OperatingIncomeLoss":2664000000,
    "Revenues":23329000000,
    "StockholdersEquity":48054000000
  },
  {
    "Company":"Tesla",
    "Date":"2023-06-30",
    "Assets":90591000000,
    "CashAndCashEquivalentsAtCarryingValue":15296000000,
    "CostOfRevenue":20394000000,
    "EarningsPerShareDiluted":0.78,
    "GrossProfit":4533000000,
    "Liabilities":38409000000,
    "NetCashProvidedByUsedInFinancingActivities":-561000000,
    "NetCashProvidedByUsedInInvestingActivities":-6018000000,
    "NetCashProvidedByUsedInOperatingActivities":5578000000,
    "NetIncomeLoss":2703000000,
    "OperatingExpenses":2134000000,
    "OperatingIncomeLoss":2399000000,
    "Revenues":24927000000,
    "StockholdersEquity":51130000000
  },
  {
    "Company":"Tesla",
    "Date":"2023-09-30",
    "Assets":93941000000,
    "CashAndCashEquivalentsAtCarryingValue":15932000000,
    "CostOfRevenue":19172000000,
    "EarningsPerShareDiluted":0.53,
    "GrossProfit":4178000000,
    "Liabilities":39446000000,
    "NetCashProvidedByUsedInFinancingActivities":1702000000,
    "NetCashProvidedByUsedInInvestingActivities":-10780000000,
    "NetCashProvidedByUsedInOperatingActivities":8886000000,
    "NetIncomeLoss":1853000000,
    "OperatingExpenses":2414000000,
    "OperatingIncomeLoss":1764000000,
    "Revenues":23350000000,
    "StockholdersEquity":53466000000
  },
  {
    "Company":"Tesla",
    "Date":"2023-12-31",
    "Assets":106618000000,
    "CashAndCashEquivalentsAtCarryingValue":16398000000,
    "CostOfRevenue":79113000000,
    "EarningsPerShareDiluted":4.3,
    "GrossProfit":17660000000,
    "Liabilities":43009000000,
    "NetCashProvidedByUsedInFinancingActivities":2589000000,
    "NetCashProvidedByUsedInInvestingActivities":-15584000000,
    "NetCashProvidedByUsedInOperatingActivities":13256000000,
    "NetIncomeLoss":14997000000,
    "OperatingExpenses":8769000000,
    "OperatingIncomeLoss":8891000000,
    "Revenues":96773000000,
    "StockholdersEquity":62634000000
  },
  {
    "Company":"Tesla",
    "Date":"2024-03-31",
    "Assets":109226000000,
    "CashAndCashEquivalentsAtCarryingValue":11805000000,
    "CostOfRevenue":17605000000,
    "EarningsPerShareDiluted":0.41,
    "GrossProfit":3696000000,
    "Liabilities":44046000000,
    "NetCashProvidedByUsedInFinancingActivities":196000000,
    "NetCashProvidedByUsedInInvestingActivities":-5084000000,
    "NetCashProvidedByUsedInOperatingActivities":242000000,
    "NetIncomeLoss":1390000000,
    "OperatingExpenses":2525000000,
    "OperatingIncomeLoss":1171000000,
    "Revenues":21301000000,
    "StockholdersEquity":64378000000
  },
  {
    "Company":"Tesla",
    "Date":"2024-06-30",
    "Assets":112832000000,
    "CashAndCashEquivalentsAtCarryingValue":14635000000,
    "CostOfRevenue":20922000000,
    "EarningsPerShareDiluted":0.4,
    "GrossProfit":4578000000,
    "Liabilities":45569000000,
    "NetCashProvidedByUsedInFinancingActivities":2736000000,
    "NetCashProvidedByUsedInInvestingActivities":-8309000000,
    "NetCashProvidedByUsedInOperatingActivities":3854000000,
    "NetIncomeLoss":1400000000,
    "OperatingExpenses":2973000000,
    "OperatingIncomeLoss":1605000000,
    "Revenues":25500000000,
    "StockholdersEquity":66468000000
  },
  {
    "Company":"Tesla",
    "Date":"2024-09-30",
    "Assets":119852000000,
    "CashAndCashEquivalentsAtCarryingValue":18111000000,
    "CostOfRevenue":20185000000,
    "EarningsPerShareDiluted":0.62,
    "GrossProfit":4997000000,
    "Liabilities":49142000000,
    "NetCashProvidedByUsedInFinancingActivities":2868000000,
    "NetCashProvidedByUsedInInvestingActivities":-11184000000,
    "NetCashProvidedByUsedInOperatingActivities":10109000000,
    "NetIncomeLoss":2173000000,
    "OperatingExpenses":2280000000,
    "OperatingIncomeLoss":2717000000,
    "Revenues":25182000000,
    "StockholdersEquity":69931000000
  },
  {
    "Company":"Tesla",
    "Date":"2024-12-31",
    "Assets":122070000000,
    "CashAndCashEquivalentsAtCarryingValue":16139000000,
    "CostOfRevenue":80240000000,
    "EarningsPerShareDiluted":2.04,
    "GrossProfit":17450000000,
    "Liabilities":48390000000,
    "NetCashProvidedByUsedInFinancingActivities":3853000000,
    "NetCashProvidedByUsedInInvestingActivities":-18787000000,
    "NetCashProvidedByUsedInOperatingActivities":14923000000,
    "NetIncomeLoss":7091000000,
    "OperatingExpenses":10374000000,
    "OperatingIncomeLoss":7076000000,
    "Revenues":97690000000,
    "StockholdersEquity":72913000000
  },
  {
    "Company":"Tesla",
    "Date":"2025-03-31",
    "Assets":125111000000,
    "CashAndCashEquivalentsAtCarryingValue":16352000000,
    "CostOfRevenue":16182000000,
    "EarningsPerShareDiluted":0.12,
    "GrossProfit":3153000000,
    "Liabilities":49693000000,
    "NetCashProvidedByUsedInFinancingActivities":-332000000,
    "NetCashProvidedByUsedInInvestingActivities":-1651000000,
    "NetCashProvidedByUsedInOperatingActivities":2156000000,
    "NetIncomeLoss":409000000,
    "OperatingExpenses":2754000000,
    "OperatingIncomeLoss":399000000,
    "Revenues":19335000000,
    "StockholdersEquity":74653000000
  },
  {
    "Company":"Tesla",
    "Date":"2025-06-30",
    "Assets":128567000000,
    "CashAndCashEquivalentsAtCarryingValue":15587000000,
    "CostOfRevenue":18618000000,
    "EarningsPerShareDiluted":0.33,
    "GrossProfit":3878000000,
    "Liabilities":50495000000,
    "NetCashProvidedByUsedInFinancingActivities":-554000000,
    "NetCashProvidedByUsedInInvestingActivities":-4595000000,
    "NetCashProvidedByUsedInOperatingActivities":4696000000,
    "NetIncomeLoss":1172000000,
    "OperatingExpenses":2955000000,
    "OperatingIncomeLoss":923000000,
    "Revenues":22496000000,
    "StockholdersEquity":77314000000
  },
  {
    "Company":"Tesla",
    "Date":"2025-09-30",
    "Assets":133735000000,
    "CashAndCashEquivalentsAtCarryingValue":18289000000,
    "CostOfRevenue":23041000000,
    "EarningsPerShareDiluted":0.39,
    "GrossProfit":5054000000,
    "Liabilities":53019000000,
    "NetCashProvidedByUsedInFinancingActivities":429000000,
    "NetCashProvidedByUsedInInvestingActivities":-8950000000,
    "NetCashProvidedByUsedInOperatingActivities":10934000000,
    "NetIncomeLoss":1373000000,
    "OperatingExpenses":3430000000,
    "OperatingIncomeLoss":1624000000,
    "Revenues":28095000000,
    "StockholdersEquity":79970000000
  },
  {
    "Company":"JP Morgan",
    "Date":"2008-12-31",
    "Assets":"N\/A",
    "CashAndCashEquivalentsAtCarryingValue":"N\/A",
    "CostOfRevenue":"N\/A",
    "EarningsPerShareDiluted":1.35,
    "GrossProfit":"N\/A",
    "Liabilities":"N\/A",
    "NetCashProvidedByUsedInFinancingActivities":246999000000,
    "NetCashProvidedByUsedInInvestingActivities":-283671000000,
    "NetCashProvidedByUsedInOperatingActivities":23930000000,
    "NetIncomeLoss":5605000000,
    "OperatingExpenses":"N\/A",
    "OperatingIncomeLoss":"N\/A",
    "Revenues":67252000000,
    "StockholdersEquity":"N\/A"
  },
  {
    "Company":"JP Morgan",
    "Date":"2009-12-31",
    "Assets":2119673000000,
    "CashAndCashEquivalentsAtCarryingValue":"N\/A",
    "CostOfRevenue":"N\/A",
    "EarningsPerShareDiluted":2.26,
    "GrossProfit":"N\/A",
    "Liabilities":1958828000000,
    "NetCashProvidedByUsedInFinancingActivities":-153079000000,
    "NetCashProvidedByUsedInInvestingActivities":29355000000,
    "NetCashProvidedByUsedInOperatingActivities":122797000000,
    "NetIncomeLoss":11728000000,
    "OperatingExpenses":"N\/A",
    "OperatingIncomeLoss":"N\/A",
    "Revenues":100434000000,
    "StockholdersEquity":160845000000
  },
  {
    "Company":"JP Morgan",
    "Date":"2010-03-31",
    "Assets":"N\/A",
    "CashAndCashEquivalentsAtCarryingValue":"N\/A",
    "CostOfRevenue":"N\/A",
    "EarningsPerShareDiluted":0.74,
    "GrossProfit":"N\/A",
    "Liabilities":"N\/A",
    "NetCashProvidedByUsedInFinancingActivities":2023000000,
    "NetCashProvidedByUsedInInvestingActivities":-13862000000,
    "NetCashProvidedByUsedInOperatingActivities":17394000000,
    "NetIncomeLoss":3326000000,
    "OperatingExpenses":"N\/A",
    "OperatingIncomeLoss":"N\/A",
    "Revenues":27671000000,
    "StockholdersEquity":"N\/A"
  },
  {
    "Company":"JP Morgan",
    "Date":"2010-06-30",
    "Assets":"N\/A",
    "CashAndCashEquivalentsAtCarryingValue":"N\/A",
    "CostOfRevenue":"N\/A",
    "EarningsPerShareDiluted":1.09,
    "GrossProfit":"N\/A",
    "Liabilities":"N\/A",
    "NetCashProvidedByUsedInFinancingActivities":-112324000000,
    "NetCashProvidedByUsedInInvestingActivities":73674000000,
    "NetCashProvidedByUsedInOperatingActivities":45727000000,
    "NetIncomeLoss":4795000000,
    "OperatingExpenses":"N\/A",
    "OperatingIncomeLoss":"N\/A",
    "Revenues":25101000000,
    "StockholdersEquity":"N\/A"
  },
  {
    "Company":"JP Morgan",
    "Date":"2010-09-30",
    "Assets":"N\/A",
    "CashAndCashEquivalentsAtCarryingValue":"N\/A",
    "CostOfRevenue":"N\/A",
    "EarningsPerShareDiluted":1.01,
    "GrossProfit":"N\/A",
    "Liabilities":"N\/A",
    "NetCashProvidedByUsedInFinancingActivities":-18573000000,
    "NetCashProvidedByUsedInInvestingActivities":20721000000,
    "NetCashProvidedByUsedInOperatingActivities":-4863000000,
    "NetIncomeLoss":4418000000,
    "OperatingExpenses":"N\/A",
    "OperatingIncomeLoss":"N\/A",
    "Revenues":23824000000,
    "StockholdersEquity":"N\/A"
  },
  {
    "Company":"JP Morgan",
    "Date":"2010-12-31",
    "Assets":2117605000000,
    "CashAndCashEquivalentsAtCarryingValue":"N\/A",
    "CostOfRevenue":"N\/A",
    "EarningsPerShareDiluted":3.96,
    "GrossProfit":"N\/A",
    "Liabilities":1941499000000,
    "NetCashProvidedByUsedInFinancingActivities":-49217000000,
    "NetCashProvidedByUsedInInvestingActivities":54002000000,
    "NetCashProvidedByUsedInOperatingActivities":-3752000000,
    "NetIncomeLoss":17370000000,
    "OperatingExpenses":"N\/A",
    "OperatingIncomeLoss":"N\/A",
    "Revenues":102694000000,
    "StockholdersEquity":176106000000
  },
  {
    "Company":"JP Morgan",
    "Date":"2011-03-31",
    "Assets":2198161000000,
    "CashAndCashEquivalentsAtCarryingValue":"N\/A",
    "CostOfRevenue":"N\/A",
    "EarningsPerShareDiluted":1.28,
    "GrossProfit":"N\/A",
    "Liabilities":2017563000000,
    "NetCashProvidedByUsedInFinancingActivities":67328000000,
    "NetCashProvidedByUsedInInvestingActivities":-65810000000,
    "NetCashProvidedByUsedInOperatingActivities":-5979000000,
    "NetIncomeLoss":5555000000,
    "OperatingExpenses":"N\/A",
    "OperatingIncomeLoss":"N\/A",
    "Revenues":25221000000,
    "StockholdersEquity":180598000000
  },
  {
    "Company":"JP Morgan",
    "Date":"2011-06-30",
    "Assets":2246764000000,
    "CashAndCashEquivalentsAtCarryingValue":"N\/A",
    "CostOfRevenue":"N\/A",
    "EarningsPerShareDiluted":1.27,
    "GrossProfit":"N\/A",
    "Liabilities":2063885000000,
    "NetCashProvidedByUsedInFinancingActivities":89325000000,
    "NetCashProvidedByUsedInInvestingActivities":-145807000000,
    "NetCashProvidedByUsedInOperatingActivities":58725000000,
    "NetIncomeLoss":5431000000,
    "OperatingExpenses":"N\/A",
    "OperatingIncomeLoss":"N\/A",
    "Revenues":26779000000,
    "StockholdersEquity":182879000000
  },
  {
    "Company":"JP Morgan",
    "Date":"2011-09-30",
    "Assets":2289240000000,
    "CashAndCashEquivalentsAtCarryingValue":"N\/A",
    "CostOfRevenue":"N\/A",
    "EarningsPerShareDiluted":1.02,
    "GrossProfit":"N\/A",
    "Liabilities":2106953000000,
    "NetCashProvidedByUsedInFinancingActivities":132365000000,
    "NetCashProvidedByUsedInInvestingActivities":-169667000000,
    "NetCashProvidedByUsedInOperatingActivities":66518000000,
    "NetIncomeLoss":4262000000,
    "OperatingExpenses":"N\/A",
    "OperatingIncomeLoss":"N\/A",
    "Revenues":23763000000,
    "StockholdersEquity":182287000000
  },
  {
    "Company":"JP Morgan",
    "Date":"2011-12-31",
    "Assets":2265792000000,
    "CashAndCashEquivalentsAtCarryingValue":"N\/A",
    "CostOfRevenue":"N\/A",
    "EarningsPerShareDiluted":4.48,
    "GrossProfit":"N\/A",
    "Liabilities":2082219000000,
    "NetCashProvidedByUsedInFinancingActivities":107706000000,
    "NetCashProvidedByUsedInInvestingActivities":-170752000000,
    "NetCashProvidedByUsedInOperatingActivities":95932000000,
    "NetIncomeLoss":18976000000,
    "OperatingExpenses":"N\/A",
    "OperatingIncomeLoss":"N\/A",
    "Revenues":97234000000,
    "StockholdersEquity":183573000000
  },
  {
    "Company":"JP Morgan",
    "Date":"2012-03-31",
    "Assets":2320164000000,
    "CashAndCashEquivalentsAtCarryingValue":"N\/A",
    "CostOfRevenue":"N\/A",
    "EarningsPerShareDiluted":1.19,
    "GrossProfit":"N\/A",
    "Liabilities":2130602000000,
    "NetCashProvidedByUsedInFinancingActivities":35352000000,
    "NetCashProvidedByUsedInInvestingActivities":-45362000000,
    "NetCashProvidedByUsedInOperatingActivities":4266000000,
    "NetIncomeLoss":4924000000,
    "OperatingExpenses":"N\/A",
    "OperatingIncomeLoss":"N\/A",
    "Revenues":26052000000,
    "StockholdersEquity":189728000000
  },
  {
    "Company":"JP Morgan",
    "Date":"2012-06-30",
    "Assets":2290146000000,
    "CashAndCashEquivalentsAtCarryingValue":"N\/A",
    "CostOfRevenue":"N\/A",
    "EarningsPerShareDiluted":1.21,
    "GrossProfit":"N\/A",
    "Liabilities":2098574000000,
    "NetCashProvidedByUsedInFinancingActivities":4867000000,
    "NetCashProvidedByUsedInInvestingActivities":-65962000000,
    "NetCashProvidedByUsedInOperatingActivities":46249000000,
    "NetIncomeLoss":4960000000,
    "OperatingExpenses":"N\/A",
    "OperatingIncomeLoss":"N\/A",
    "Revenues":22180000000,
    "StockholdersEquity":191572000000
  },
  {
    "Company":"JP Morgan",
    "Date":"2012-09-30",
    "Assets":2321284000000,
    "CashAndCashEquivalentsAtCarryingValue":"N\/A",
    "CostOfRevenue":"N\/A",
    "EarningsPerShareDiluted":1.4,
    "GrossProfit":"N\/A",
    "Liabilities":2121591000000,
    "NetCashProvidedByUsedInFinancingActivities":33621000000,
    "NetCashProvidedByUsedInInvestingActivities":-69721000000,
    "NetCashProvidedByUsedInOperatingActivities":29590000000,
    "NetIncomeLoss":5708000000,
    "OperatingExpenses":"N\/A",
    "OperatingIncomeLoss":"N\/A",
    "Revenues":25146000000,
    "StockholdersEquity":199693000000
  },
  {
    "Company":"JP Morgan",
    "Date":"2012-12-31",
    "Assets":2359141000000,
    "CashAndCashEquivalentsAtCarryingValue":"N\/A",
    "CostOfRevenue":"N\/A",
    "EarningsPerShareDiluted":5.2,
    "GrossProfit":"N\/A",
    "Liabilities":2155072000000,
    "NetCashProvidedByUsedInFinancingActivities":87707000000,
    "NetCashProvidedByUsedInInvestingActivities":-119825000000,
    "NetCashProvidedByUsedInOperatingActivities":25079000000,
    "NetIncomeLoss":21284000000,
    "OperatingExpenses":"N\/A",
    "OperatingIncomeLoss":"N\/A",
    "Revenues":97031000000,
    "StockholdersEquity":204069000000
  },
  {
    "Company":"JP Morgan",
    "Date":"2013-03-31",
    "Assets":2389349000000,
    "CashAndCashEquivalentsAtCarryingValue":"N\/A",
    "CostOfRevenue":"N\/A",
    "EarningsPerShareDiluted":1.59,
    "GrossProfit":"N\/A",
    "Liabilities":2182263000000,
    "NetCashProvidedByUsedInFinancingActivities":28180000000,
    "NetCashProvidedByUsedInInvestingActivities":-55455000000,
    "NetCashProvidedByUsedInOperatingActivities":19964000000,
    "NetIncomeLoss":6529000000,
    "OperatingExpenses":"N\/A",
    "OperatingIncomeLoss":"N\/A",
    "Revenues":25122000000,
    "StockholdersEquity":207086000000
  },
  {
    "Company":"JP Morgan",
    "Date":"2013-06-30",
    "Assets":2439494000000,
    "CashAndCashEquivalentsAtCarryingValue":"N\/A",
    "CostOfRevenue":"N\/A",
    "EarningsPerShareDiluted":1.6,
    "GrossProfit":"N\/A",
    "Liabilities":2230255000000,
    "NetCashProvidedByUsedInFinancingActivities":30108000000,
    "NetCashProvidedByUsedInInvestingActivities":-142245000000,
    "NetCashProvidedByUsedInOperatingActivities":88484000000,
    "NetIncomeLoss":6496000000,
    "OperatingExpenses":"N\/A",
    "OperatingIncomeLoss":"N\/A",
    "Revenues":25211000000,
    "StockholdersEquity":209239000000
  },
  {
    "Company":"JP Morgan",
    "Date":"2013-09-30",
    "Assets":2463309000000,
    "CashAndCashEquivalentsAtCarryingValue":"N\/A",
    "CostOfRevenue":"N\/A",
    "EarningsPerShareDiluted":-0.17,
    "GrossProfit":"N\/A",
    "Liabilities":2256639000000,
    "NetCashProvidedByUsedInFinancingActivities":51243000000,
    "NetCashProvidedByUsedInInvestingActivities":-189101000000,
    "NetCashProvidedByUsedInOperatingActivities":114867000000,
    "NetIncomeLoss":-380000000,
    "OperatingExpenses":"N\/A",
    "OperatingIncomeLoss":"N\/A",
    "Revenues":23117000000,
    "StockholdersEquity":206670000000
  },
  {
    "Company":"JP Morgan",
    "Date":"2013-12-31",
    "Assets":2414879000000,
    "CashAndCashEquivalentsAtCarryingValue":"N\/A",
    "CostOfRevenue":"N\/A",
    "EarningsPerShareDiluted":4.34,
    "GrossProfit":"N\/A",
    "Liabilities":2204511000000,
    "NetCashProvidedByUsedInFinancingActivities":28324000000,
    "NetCashProvidedByUsedInInvestingActivities":-150501000000,
    "NetCashProvidedByUsedInOperatingActivities":107953000000,
    "NetIncomeLoss":17886000000,
    "OperatingExpenses":"N\/A",
    "OperatingIncomeLoss":"N\/A",
    "Revenues":97367000000,
    "StockholdersEquity":211178000000
  },
  {
    "Company":"JP Morgan",
    "Date":"2014-03-31",
    "Assets":2476650000000,
    "CashAndCashEquivalentsAtCarryingValue":"N\/A",
    "CostOfRevenue":"N\/A",
    "EarningsPerShareDiluted":1.28,
    "GrossProfit":"N\/A",
    "Liabilities":2257331000000,
    "NetCashProvidedByUsedInFinancingActivities":40318000000,
    "NetCashProvidedByUsedInInvestingActivities":-68410000000,
    "NetCashProvidedByUsedInOperatingActivities":14667000000,
    "NetIncomeLoss":5269000000,
    "OperatingExpenses":"N\/A",
    "OperatingIncomeLoss":"N\/A",
    "Revenues":22993000000,
    "StockholdersEquity":219655000000
  },
  {
    "Company":"JP Morgan",
    "Date":"2014-06-30",
    "Assets":2519995000000,
    "CashAndCashEquivalentsAtCarryingValue":"N\/A",
    "CostOfRevenue":"N\/A",
    "EarningsPerShareDiluted":1.46,
    "GrossProfit":"N\/A",
    "Liabilities":2293022000000,
    "NetCashProvidedByUsedInFinancingActivities":75436000000,
    "NetCashProvidedByUsedInInvestingActivities":-97938000000,
    "NetCashProvidedByUsedInOperatingActivities":10296000000,
    "NetIncomeLoss":5980000000,
    "OperatingExpenses":"N\/A",
    "OperatingIncomeLoss":"N\/A",
    "Revenues":24454000000,
    "StockholdersEquity":227314000000
  },
  {
    "Company":"JP Morgan",
    "Date":"2014-09-30",
    "Assets":2526655000000,
    "CashAndCashEquivalentsAtCarryingValue":"N\/A",
    "CostOfRevenue":"N\/A",
    "EarningsPerShareDiluted":1.35,
    "GrossProfit":"N\/A",
    "Liabilities":2295728000000,
    "NetCashProvidedByUsedInFinancingActivities":74061000000,
    "NetCashProvidedByUsedInInvestingActivities":-95630000000,
    "NetCashProvidedByUsedInOperatingActivities":7847000000,
    "NetIncomeLoss":5565000000,
    "OperatingExpenses":"N\/A",
    "OperatingIncomeLoss":"N\/A",
    "Revenues":24246000000,
    "StockholdersEquity":231277000000
  },
  {
    "Company":"JP Morgan",
    "Date":"2014-12-31",
    "Assets":2572274000000,
    "CashAndCashEquivalentsAtCarryingValue":"N\/A",
    "CostOfRevenue":"N\/A",
    "EarningsPerShareDiluted":5.29,
    "GrossProfit":"N\/A",
    "Liabilities":2340547000000,
    "NetCashProvidedByUsedInFinancingActivities":118228000000,
    "NetCashProvidedByUsedInInvestingActivities":-165636000000,
    "NetCashProvidedByUsedInOperatingActivities":36593000000,
    "NetIncomeLoss":21745000000,
    "OperatingExpenses":"N\/A",
    "OperatingIncomeLoss":"N\/A",
    "Revenues":95112000000,
    "StockholdersEquity":231727000000
  },
  {
    "Company":"JP Morgan",
    "Date":"2015-03-31",
    "Assets":2576619000000,
    "CashAndCashEquivalentsAtCarryingValue":"N\/A",
    "CostOfRevenue":"N\/A",
    "EarningsPerShareDiluted":1.45,
    "GrossProfit":"N\/A",
    "Liabilities":2341284000000,
    "NetCashProvidedByUsedInFinancingActivities":4337000000,
    "NetCashProvidedByUsedInInvestingActivities":-24150000000,
    "NetCashProvidedByUsedInOperatingActivities":14879000000,
    "NetIncomeLoss":5914000000,
    "OperatingExpenses":"N\/A",
    "OperatingIncomeLoss":"N\/A",
    "Revenues":"N\/A",
    "StockholdersEquity":235864000000
  },
  {
    "Company":"JP Morgan",
    "Date":"2015-06-30",
    "Assets":2449098000000,
    "CashAndCashEquivalentsAtCarryingValue":"N\/A",
    "CostOfRevenue":"N\/A",
    "EarningsPerShareDiluted":1.54,
    "GrossProfit":"N\/A",
    "Liabilities":2208394000000,
    "NetCashProvidedByUsedInFinancingActivities":-113429000000,
    "NetCashProvidedByUsedInInvestingActivities":77471000000,
    "NetCashProvidedByUsedInOperatingActivities":32175000000,
    "NetIncomeLoss":6290000000,
    "OperatingExpenses":"N\/A",
    "OperatingIncomeLoss":"N\/A",
    "Revenues":"N\/A",
    "StockholdersEquity":241205000000
  },
  {
    "Company":"JP Morgan",
    "Date":"2015-09-30",
    "Assets":2416635000000,
    "CashAndCashEquivalentsAtCarryingValue":"N\/A",
    "CostOfRevenue":"N\/A",
    "EarningsPerShareDiluted":1.68,
    "GrossProfit":"N\/A",
    "Liabilities":2171393000000,
    "NetCashProvidedByUsedInFinancingActivities":-143513000000,
    "NetCashProvidedByUsedInInvestingActivities":79722000000,
    "NetCashProvidedByUsedInOperatingActivities":57299000000,
    "NetIncomeLoss":6804000000,
    "OperatingExpenses":"N\/A",
    "OperatingIncomeLoss":"N\/A",
    "Revenues":"N\/A",
    "StockholdersEquity":245728000000
  },
  {
    "Company":"JP Morgan",
    "Date":"2015-12-31",
    "Assets":2351698000000,
    "CashAndCashEquivalentsAtCarryingValue":361683000000,
    "CostOfRevenue":"N\/A",
    "EarningsPerShareDiluted":6,
    "GrossProfit":"N\/A",
    "Liabilities":2104125000000,
    "NetCashProvidedByUsedInFinancingActivities":-187511000000,
    "NetCashProvidedByUsedInInvestingActivities":106980000000,
    "NetCashProvidedByUsedInOperatingActivities":73466000000,
    "NetIncomeLoss":24442000000,
    "OperatingExpenses":"N\/A",
    "OperatingIncomeLoss":"N\/A",
    "Revenues":93543000000,
    "StockholdersEquity":247573000000
  },
  {
    "Company":"JP Morgan",
    "Date":"2016-03-31",
    "Assets":2423808000000,
    "CashAndCashEquivalentsAtCarryingValue":"N\/A",
    "CostOfRevenue":"N\/A",
    "EarningsPerShareDiluted":1.35,
    "GrossProfit":"N\/A",
    "Liabilities":2173651000000,
    "NetCashProvidedByUsedInFinancingActivities":53584000000,
    "NetCashProvidedByUsedInInvestingActivities":-34581000000,
    "NetCashProvidedByUsedInOperatingActivities":-21383000000,
    "NetIncomeLoss":5520000000,
    "OperatingExpenses":"N\/A",
    "OperatingIncomeLoss":"N\/A",
    "Revenues":"N\/A",
    "StockholdersEquity":250157000000
  },
  {
    "Company":"JP Morgan",
    "Date":"2016-06-30",
    "Assets":2466096000000,
    "CashAndCashEquivalentsAtCarryingValue":"N\/A",
    "CostOfRevenue":"N\/A",
    "EarningsPerShareDiluted":1.55,
    "GrossProfit":"N\/A",
    "Liabilities":2213673000000,
    "NetCashProvidedByUsedInFinancingActivities":74159000000,
    "NetCashProvidedByUsedInInvestingActivities":-52064000000,
    "NetCashProvidedByUsedInOperatingActivities":-22907000000,
    "NetIncomeLoss":6200000000,
    "OperatingExpenses":"N\/A",
    "OperatingIncomeLoss":"N\/A",
    "Revenues":"N\/A",
    "StockholdersEquity":252423000000
  },
  {
    "Company":"JP Morgan",
    "Date":"2016-09-30",
    "Assets":2521029000000,
    "CashAndCashEquivalentsAtCarryingValue":"N\/A",
    "CostOfRevenue":"N\/A",
    "EarningsPerShareDiluted":1.58,
    "GrossProfit":"N\/A",
    "Liabilities":2266698000000,
    "NetCashProvidedByUsedInFinancingActivities":131699000000,
    "NetCashProvidedByUsedInInvestingActivities":-112102000000,
    "NetCashProvidedByUsedInOperatingActivities":-18715000000,
    "NetIncomeLoss":6286000000,
    "OperatingExpenses":"N\/A",
    "OperatingIncomeLoss":"N\/A",
    "Revenues":"N\/A",
    "StockholdersEquity":254331000000
  },
  {
    "Company":"JP Morgan",
    "Date":"2016-12-31",
    "Assets":2490972000000,
    "CashAndCashEquivalentsAtCarryingValue":391154000000,
    "CostOfRevenue":"N\/A",
    "EarningsPerShareDiluted":6.19,
    "GrossProfit":"N\/A",
    "Liabilities":2236782000000,
    "NetCashProvidedByUsedInFinancingActivities":98271000000,
    "NetCashProvidedByUsedInInvestingActivities":-89202000000,
    "NetCashProvidedByUsedInOperatingActivities":21884000000,
    "NetIncomeLoss":24733000000,
    "OperatingExpenses":"N\/A",
    "OperatingIncomeLoss":"N\/A",
    "Revenues":96569000000,
    "StockholdersEquity":254190000000
  },
  {
    "Company":"JP Morgan",
    "Date":"2017-03-31",
    "Assets":2546290000000,
    "CashAndCashEquivalentsAtCarryingValue":461886000000,
    "CostOfRevenue":"N\/A",
    "EarningsPerShareDiluted":1.65,
    "GrossProfit":"N\/A",
    "Liabilities":2290427000000,
    "NetCashProvidedByUsedInFinancingActivities":43605000000,
    "NetCashProvidedByUsedInInvestingActivities":47112000000,
    "NetCashProvidedByUsedInOperatingActivities":-22559000000,
    "NetIncomeLoss":6448000000,
    "OperatingExpenses":"N\/A",
    "OperatingIncomeLoss":"N\/A",
    "Revenues":"N\/A",
    "StockholdersEquity":255863000000
  },
  {
    "Company":"JP Morgan",
    "Date":"2017-06-30",
    "Assets":2563174000000,
    "CashAndCashEquivalentsAtCarryingValue":450526000000,
    "CostOfRevenue":"N\/A",
    "EarningsPerShareDiluted":1.82,
    "GrossProfit":"N\/A",
    "Liabilities":2304691000000,
    "NetCashProvidedByUsedInFinancingActivities":47911000000,
    "NetCashProvidedByUsedInInvestingActivities":24539000000,
    "NetCashProvidedByUsedInOperatingActivities":-18486000000,
    "NetIncomeLoss":7029000000,
    "OperatingExpenses":"N\/A",
    "OperatingIncomeLoss":"N\/A",
    "Revenues":"N\/A",
    "StockholdersEquity":258483000000
  },
  {
    "Company":"JP Morgan",
    "Date":"2017-09-30",
    "Assets":2563074000000,
    "CashAndCashEquivalentsAtCarryingValue":459156000000,
    "CostOfRevenue":"N\/A",
    "EarningsPerShareDiluted":1.76,
    "GrossProfit":"N\/A",
    "Liabilities":2304692000000,
    "NetCashProvidedByUsedInFinancingActivities":36405000000,
    "NetCashProvidedByUsedInInvestingActivities":47706000000,
    "NetCashProvidedByUsedInOperatingActivities":-23381000000,
    "NetIncomeLoss":6732000000,
    "OperatingExpenses":"N\/A",
    "OperatingIncomeLoss":"N\/A",
    "Revenues":"N\/A",
    "StockholdersEquity":258382000000
  },
  {
    "Company":"JP Morgan",
    "Date":"2017-12-31",
    "Assets":2533600000000,
    "CashAndCashEquivalentsAtCarryingValue":431304000000,
    "CostOfRevenue":"N\/A",
    "EarningsPerShareDiluted":6.31,
    "GrossProfit":"N\/A",
    "Liabilities":2277907000000,
    "NetCashProvidedByUsedInFinancingActivities":14642000000,
    "NetCashProvidedByUsedInInvestingActivities":28249000000,
    "NetCashProvidedByUsedInOperatingActivities":-10827000000,
    "NetIncomeLoss":24441000000,
    "OperatingExpenses":"N\/A",
    "OperatingIncomeLoss":"N\/A",
    "Revenues":100705000000,
    "StockholdersEquity":255693000000
  },
  {
    "Company":"JP Morgan",
    "Date":"2018-03-31",
    "Assets":2609785000000,
    "CashAndCashEquivalentsAtCarryingValue":414812000000,
    "CostOfRevenue":"N\/A",
    "EarningsPerShareDiluted":2.37,
    "GrossProfit":"N\/A",
    "Liabilities":2353584000000,
    "NetCashProvidedByUsedInFinancingActivities":60589000000,
    "NetCashProvidedByUsedInInvestingActivities":-45021000000,
    "NetCashProvidedByUsedInOperatingActivities":-35109000000,
    "NetIncomeLoss":8712000000,
    "OperatingExpenses":"N\/A",
    "OperatingIncomeLoss":"N\/A",
    "Revenues":"N\/A",
    "StockholdersEquity":256201000000
  },
  {
    "Company":"JP Morgan",
    "Date":"2018-06-30",
    "Assets":2590050000000,
    "CashAndCashEquivalentsAtCarryingValue":405180000000,
    "CostOfRevenue":"N\/A",
    "EarningsPerShareDiluted":2.29,
    "GrossProfit":"N\/A",
    "Liabilities":2332592000000,
    "NetCashProvidedByUsedInFinancingActivities":13766000000,
    "NetCashProvidedByUsedInInvestingActivities":-38974000000,
    "NetCashProvidedByUsedInOperatingActivities":576000000,
    "NetIncomeLoss":8316000000,
    "OperatingExpenses":"N\/A",
    "OperatingIncomeLoss":"N\/A",
    "Revenues":"N\/A",
    "StockholdersEquity":257458000000
  },
  {
    "Company":"JP Morgan",
    "Date":"2018-09-30",
    "Assets":2615183000000,
    "CashAndCashEquivalentsAtCarryingValue":419097000000,
    "CostOfRevenue":"N\/A",
    "EarningsPerShareDiluted":2.34,
    "GrossProfit":"N\/A",
    "Liabilities":2356227000000,
    "NetCashProvidedByUsedInFinancingActivities":16319000000,
    "NetCashProvidedByUsedInInvestingActivities":-39782000000,
    "NetCashProvidedByUsedInOperatingActivities":13765000000,
    "NetIncomeLoss":8380000000,
    "OperatingExpenses":"N\/A",
    "OperatingIncomeLoss":"N\/A",
    "Revenues":"N\/A",
    "StockholdersEquity":258956000000
  },
  {
    "Company":"JP Morgan",
    "Date":"2018-12-31",
    "Assets":2622532000000,
    "CashAndCashEquivalentsAtCarryingValue":278793000000,
    "CostOfRevenue":"N\/A",
    "EarningsPerShareDiluted":9,
    "GrossProfit":"N\/A",
    "Liabilities":2366017000000,
    "NetCashProvidedByUsedInFinancingActivities":34158000000,
    "NetCashProvidedByUsedInInvestingActivities":-199420000000,
    "NetCashProvidedByUsedInOperatingActivities":15614000000,
    "NetIncomeLoss":32474000000,
    "OperatingExpenses":"N\/A",
    "OperatingIncomeLoss":"N\/A",
    "Revenues":108783000000,
    "StockholdersEquity":256515000000
  },
  {
    "Company":"JP Morgan",
    "Date":"2019-03-31",
    "Assets":2737188000000,
    "CashAndCashEquivalentsAtCarryingValue":"N\/A",
    "CostOfRevenue":"N\/A",
    "EarningsPerShareDiluted":2.65,
    "GrossProfit":"N\/A",
    "Liabilities":2477351000000,
    "NetCashProvidedByUsedInFinancingActivities":69435000000,
    "NetCashProvidedByUsedInInvestingActivities":36301000000,
    "NetCashProvidedByUsedInOperatingActivities":-80880000000,
    "NetIncomeLoss":9179000000,
    "OperatingExpenses":"N\/A",
    "OperatingIncomeLoss":"N\/A",
    "Revenues":"N\/A",
    "StockholdersEquity":259837000000
  },
  {
    "Company":"JP Morgan",
    "Date":"2019-06-30",
    "Assets":2727379000000,
    "CashAndCashEquivalentsAtCarryingValue":"N\/A",
    "CostOfRevenue":"N\/A",
    "EarningsPerShareDiluted":2.82,
    "GrossProfit":"N\/A",
    "Liabilities":2464164000000,
    "NetCashProvidedByUsedInFinancingActivities":56469000000,
    "NetCashProvidedByUsedInInvestingActivities":27424000000,
    "NetCashProvidedByUsedInOperatingActivities":-94734000000,
    "NetIncomeLoss":9652000000,
    "OperatingExpenses":"N\/A",
    "OperatingIncomeLoss":"N\/A",
    "Revenues":"N\/A",
    "StockholdersEquity":263215000000
  },
  {
    "Company":"JP Morgan",
    "Date":"2019-09-30",
    "Assets":2764661000000,
    "CashAndCashEquivalentsAtCarryingValue":"N\/A",
    "CostOfRevenue":"N\/A",
    "EarningsPerShareDiluted":2.68,
    "GrossProfit":"N\/A",
    "Liabilities":2500313000000,
    "NetCashProvidedByUsedInFinancingActivities":96006000000,
    "NetCashProvidedByUsedInInvestingActivities":-36501000000,
    "NetCashProvidedByUsedInOperatingActivities":-78719000000,
    "NetIncomeLoss":9080000000,
    "OperatingExpenses":"N\/A",
    "OperatingIncomeLoss":"N\/A",
    "Revenues":"N\/A",
    "StockholdersEquity":264348000000
  },
  {
    "Company":"JP Morgan",
    "Date":"2019-12-31",
    "Assets":2686477000000,
    "CashAndCashEquivalentsAtCarryingValue":"N\/A",
    "CostOfRevenue":"N\/A",
    "EarningsPerShareDiluted":10.72,
    "GrossProfit":"N\/A",
    "Liabilities":2426049000000,
    "NetCashProvidedByUsedInFinancingActivities":32987000000,
    "NetCashProvidedByUsedInInvestingActivities":-52059000000,
    "NetCashProvidedByUsedInOperatingActivities":4092000000,
    "NetIncomeLoss":36431000000,
    "OperatingExpenses":"N\/A",
    "OperatingIncomeLoss":"N\/A",
    "Revenues":115720000000,
    "StockholdersEquity":261330000000
  },
  {
    "Company":"JP Morgan",
    "Date":"2020-03-31",
    "Assets":3138530000000,
    "CashAndCashEquivalentsAtCarryingValue":"N\/A",
    "CostOfRevenue":"N\/A",
    "EarningsPerShareDiluted":0.78,
    "GrossProfit":"N\/A",
    "Liabilities":2878169000000,
    "NetCashProvidedByUsedInFinancingActivities":362305000000,
    "NetCashProvidedByUsedInInvestingActivities":-135833000000,
    "NetCashProvidedByUsedInOperatingActivities":-120089000000,
    "NetIncomeLoss":2865000000,
    "OperatingExpenses":"N\/A",
    "OperatingIncomeLoss":"N\/A",
    "Revenues":"N\/A",
    "StockholdersEquity":261262000000
  },
  {
    "Company":"JP Morgan",
    "Date":"2020-06-30",
    "Assets":3212643000000,
    "CashAndCashEquivalentsAtCarryingValue":"N\/A",
    "CostOfRevenue":"N\/A",
    "EarningsPerShareDiluted":1.38,
    "GrossProfit":"N\/A",
    "Liabilities":2948649000000,
    "NetCashProvidedByUsedInFinancingActivities":451436000000,
    "NetCashProvidedByUsedInInvestingActivities":-183479000000,
    "NetCashProvidedByUsedInOperatingActivities":-37170000000,
    "NetIncomeLoss":4687000000,
    "OperatingExpenses":"N\/A",
    "OperatingIncomeLoss":"N\/A",
    "Revenues":"N\/A",
    "StockholdersEquity":264466000000
  },
  {
    "Company":"JP Morgan",
    "Date":"2020-09-30",
    "Assets":3245061000000,
    "CashAndCashEquivalentsAtCarryingValue":"N\/A",
    "CostOfRevenue":"N\/A",
    "EarningsPerShareDiluted":2.92,
    "GrossProfit":"N\/A",
    "Liabilities":2974963000000,
    "NetCashProvidedByUsedInFinancingActivities":470687000000,
    "NetCashProvidedByUsedInInvestingActivities":-198206000000,
    "NetCashProvidedByUsedInOperatingActivities":-51858000000,
    "NetIncomeLoss":9443000000,
    "OperatingExpenses":"N\/A",
    "OperatingIncomeLoss":"N\/A",
    "Revenues":"N\/A",
    "StockholdersEquity":271113000000
  },
  {
    "Company":"JP Morgan",
    "Date":"2020-12-31",
    "Assets":3384757000000,
    "CashAndCashEquivalentsAtCarryingValue":"N\/A",
    "CostOfRevenue":"N\/A",
    "EarningsPerShareDiluted":8.88,
    "GrossProfit":"N\/A",
    "Liabilities":3105403000000,
    "NetCashProvidedByUsedInFinancingActivities":596645000000,
    "NetCashProvidedByUsedInInvestingActivities":-261912000000,
    "NetCashProvidedByUsedInOperatingActivities":-79910000000,
    "NetIncomeLoss":29131000000,
    "OperatingExpenses":"N\/A",
    "OperatingIncomeLoss":"N\/A",
    "Revenues":119951000000,
    "StockholdersEquity":279354000000
  },
  {
    "Company":"JP Morgan",
    "Date":"2021-03-31",
    "Assets":3689336000000,
    "CashAndCashEquivalentsAtCarryingValue":"N\/A",
    "CostOfRevenue":"N\/A",
    "EarningsPerShareDiluted":4.5,
    "GrossProfit":"N\/A",
    "Liabilities":3408622000000,
    "NetCashProvidedByUsedInFinancingActivities":218911000000,
    "NetCashProvidedByUsedInInvestingActivities":15391000000,
    "NetCashProvidedByUsedInOperatingActivities":-43872000000,
    "NetIncomeLoss":14300000000,
    "OperatingExpenses":"N\/A",
    "OperatingIncomeLoss":"N\/A",
    "Revenues":"N\/A",
    "StockholdersEquity":280714000000
  },
  {
    "Company":"JP Morgan",
    "Date":"2021-06-30",
    "Assets":3684256000000,
    "CashAndCashEquivalentsAtCarryingValue":"N\/A",
    "CostOfRevenue":"N\/A",
    "EarningsPerShareDiluted":3.78,
    "GrossProfit":"N\/A",
    "Liabilities":3397870000000,
    "NetCashProvidedByUsedInFinancingActivities":180968000000,
    "NetCashProvidedByUsedInInvestingActivities":33089000000,
    "NetCashProvidedByUsedInOperatingActivities":-30342000000,
    "NetIncomeLoss":11948000000,
    "OperatingExpenses":"N\/A",
    "OperatingIncomeLoss":"N\/A",
    "Revenues":"N\/A",
    "StockholdersEquity":286386000000
  },
  {
    "Company":"JP Morgan",
    "Date":"2021-09-30",
    "Assets":3757576000000,
    "CashAndCashEquivalentsAtCarryingValue":"N\/A",
    "CostOfRevenue":"N\/A",
    "EarningsPerShareDiluted":3.74,
    "GrossProfit":"N\/A",
    "Liabilities":3467535000000,
    "NetCashProvidedByUsedInFinancingActivities":278015000000,
    "NetCashProvidedByUsedInInvestingActivities":-29186000000,
    "NetCashProvidedByUsedInOperatingActivities":-7011000000,
    "NetIncomeLoss":11687000000,
    "OperatingExpenses":"N\/A",
    "OperatingIncomeLoss":"N\/A",
    "Revenues":"N\/A",
    "StockholdersEquity":290041000000
  },
  {
    "Company":"JP Morgan",
    "Date":"2021-12-31",
    "Assets":3743567000000,
    "CashAndCashEquivalentsAtCarryingValue":"N\/A",
    "CostOfRevenue":"N\/A",
    "EarningsPerShareDiluted":15.36,
    "GrossProfit":"N\/A",
    "Liabilities":3449440000000,
    "NetCashProvidedByUsedInFinancingActivities":275993000000,
    "NetCashProvidedByUsedInInvestingActivities":-129344000000,
    "NetCashProvidedByUsedInOperatingActivities":78084000000,
    "NetIncomeLoss":48334000000,
    "OperatingExpenses":"N\/A",
    "OperatingIncomeLoss":"N\/A",
    "Revenues":121649000000,
    "StockholdersEquity":294127000000
  },
  {
    "Company":"JP Morgan",
    "Date":"2022-03-31",
    "Assets":3954687000000,
    "CashAndCashEquivalentsAtCarryingValue":"N\/A",
    "CostOfRevenue":"N\/A",
    "EarningsPerShareDiluted":2.63,
    "GrossProfit":"N\/A",
    "Liabilities":3668788000000,
    "NetCashProvidedByUsedInFinancingActivities":132772000000,
    "NetCashProvidedByUsedInInvestingActivities":-72608000000,
    "NetCashProvidedByUsedInOperatingActivities":-41917000000,
    "NetIncomeLoss":8282000000,
    "OperatingExpenses":"N\/A",
    "OperatingIncomeLoss":"N\/A",
    "Revenues":"N\/A",
    "StockholdersEquity":285899000000
  },
  {
    "Company":"JP Morgan",
    "Date":"2022-06-30",
    "Assets":3841314000000,
    "CashAndCashEquivalentsAtCarryingValue":"N\/A",
    "CostOfRevenue":"N\/A",
    "EarningsPerShareDiluted":2.76,
    "GrossProfit":"N\/A",
    "Liabilities":3555171000000,
    "NetCashProvidedByUsedInFinancingActivities":48970000000,
    "NetCashProvidedByUsedInInvestingActivities":-125811000000,
    "NetCashProvidedByUsedInOperatingActivities":24101000000,
    "NetIncomeLoss":8649000000,
    "OperatingExpenses":"N\/A",
    "OperatingIncomeLoss":"N\/A",
    "Revenues":"N\/A",
    "StockholdersEquity":286143000000
  },
  {
    "Company":"JP Morgan",
    "Date":"2022-09-30",
    "Assets":3773884000000,
    "CashAndCashEquivalentsAtCarryingValue":"N\/A",
    "CostOfRevenue":"N\/A",
    "EarningsPerShareDiluted":3.12,
    "GrossProfit":"N\/A",
    "Liabilities":3485866000000,
    "NetCashProvidedByUsedInFinancingActivities":16087000000,
    "NetCashProvidedByUsedInInvestingActivities":-86289000000,
    "NetCashProvidedByUsedInOperatingActivities":5897000000,
    "NetIncomeLoss":9737000000,
    "OperatingExpenses":"N\/A",
    "OperatingIncomeLoss":"N\/A",
    "Revenues":"N\/A",
    "StockholdersEquity":288018000000
  },
  {
    "Company":"JP Morgan",
    "Date":"2022-12-31",
    "Assets":3665743000000,
    "CashAndCashEquivalentsAtCarryingValue":"N\/A",
    "CostOfRevenue":"N\/A",
    "EarningsPerShareDiluted":12.09,
    "GrossProfit":"N\/A",
    "Liabilities":3373411000000,
    "NetCashProvidedByUsedInFinancingActivities":-126257000000,
    "NetCashProvidedByUsedInInvestingActivities":-137819000000,
    "NetCashProvidedByUsedInOperatingActivities":107119000000,
    "NetIncomeLoss":37676000000,
    "OperatingExpenses":"N\/A",
    "OperatingIncomeLoss":"N\/A",
    "Revenues":128695000000,
    "StockholdersEquity":292332000000
  },
  {
    "Company":"JP Morgan",
    "Date":"2023-03-31",
    "Assets":3744305000000,
    "CashAndCashEquivalentsAtCarryingValue":"N\/A",
    "CostOfRevenue":"N\/A",
    "EarningsPerShareDiluted":4.1,
    "GrossProfit":"N\/A",
    "Liabilities":3441223000000,
    "NetCashProvidedByUsedInFinancingActivities":64557000000,
    "NetCashProvidedByUsedInInvestingActivities":23794000000,
    "NetCashProvidedByUsedInOperatingActivities":-111241000000,
    "NetIncomeLoss":12622000000,
    "OperatingExpenses":"N\/A",
    "OperatingIncomeLoss":"N\/A",
    "Revenues":"N\/A",
    "StockholdersEquity":303082000000
  },
  {
    "Company":"JP Morgan",
    "Date":"2023-06-30",
    "Assets":3868240000000,
    "CashAndCashEquivalentsAtCarryingValue":"N\/A",
    "CostOfRevenue":"N\/A",
    "EarningsPerShareDiluted":4.75,
    "GrossProfit":"N\/A",
    "Liabilities":3555724000000,
    "NetCashProvidedByUsedInFinancingActivities":14642000000,
    "NetCashProvidedByUsedInInvestingActivities":5551000000,
    "NetCashProvidedByUsedInOperatingActivities":-92376000000,
    "NetIncomeLoss":14472000000,
    "OperatingExpenses":"N\/A",
    "OperatingIncomeLoss":"N\/A",
    "Revenues":"N\/A",
    "StockholdersEquity":312516000000
  },
  {
    "Company":"JP Morgan",
    "Date":"2023-09-30",
    "Assets":3898333000000,
    "CashAndCashEquivalentsAtCarryingValue":"N\/A",
    "CostOfRevenue":"N\/A",
    "EarningsPerShareDiluted":4.33,
    "GrossProfit":"N\/A",
    "Liabilities":3580962000000,
    "NetCashProvidedByUsedInFinancingActivities":10326000000,
    "NetCashProvidedByUsedInInvestingActivities":-12239000000,
    "NetCashProvidedByUsedInOperatingActivities":-47257000000,
    "NetIncomeLoss":13151000000,
    "OperatingExpenses":"N\/A",
    "OperatingIncomeLoss":"N\/A",
    "Revenues":"N\/A",
    "StockholdersEquity":317371000000
  },
  {
    "Company":"JP Morgan",
    "Date":"2023-12-31",
    "Assets":3875393000000,
    "CashAndCashEquivalentsAtCarryingValue":"N\/A",
    "CostOfRevenue":"N\/A",
    "EarningsPerShareDiluted":16.23,
    "GrossProfit":"N\/A",
    "Liabilities":3547515000000,
    "NetCashProvidedByUsedInFinancingActivities":-25571000000,
    "NetCashProvidedByUsedInInvestingActivities":67643000000,
    "NetCashProvidedByUsedInOperatingActivities":12974000000,
    "NetIncomeLoss":49552000000,
    "OperatingExpenses":"N\/A",
    "OperatingIncomeLoss":"N\/A",
    "Revenues":158104000000,
    "StockholdersEquity":327878000000
  },
  {
    "Company":"JP Morgan",
    "Date":"2024-03-31",
    "Assets":4090727000000,
    "CashAndCashEquivalentsAtCarryingValue":"N\/A",
    "CostOfRevenue":"N\/A",
    "EarningsPerShareDiluted":4.44,
    "GrossProfit":"N\/A",
    "Liabilities":3754090000000,
    "NetCashProvidedByUsedInFinancingActivities":141168000000,
    "NetCashProvidedByUsedInInvestingActivities":-43379000000,
    "NetCashProvidedByUsedInOperatingActivities":-154158000000,
    "NetIncomeLoss":13419000000,
    "OperatingExpenses":"N\/A",
    "OperatingIncomeLoss":"N\/A",
    "Revenues":"N\/A",
    "StockholdersEquity":336637000000
  },
  {
    "Company":"JP Morgan",
    "Date":"2024-06-30",
    "Assets":4143003000000,
    "CashAndCashEquivalentsAtCarryingValue":"N\/A",
    "CostOfRevenue":"N\/A",
    "EarningsPerShareDiluted":6.12,
    "GrossProfit":"N\/A",
    "Liabilities":3802451000000,
    "NetCashProvidedByUsedInFinancingActivities":168406000000,
    "NetCashProvidedByUsedInInvestingActivities":-137618000000,
    "NetCashProvidedByUsedInOperatingActivities":-115689000000,
    "NetIncomeLoss":18149000000,
    "OperatingExpenses":"N\/A",
    "OperatingIncomeLoss":"N\/A",
    "Revenues":"N\/A",
    "StockholdersEquity":340552000000
  },
  {
    "Company":"JP Morgan",
    "Date":"2024-09-30",
    "Assets":4210048000000,
    "CashAndCashEquivalentsAtCarryingValue":"N\/A",
    "CostOfRevenue":"N\/A",
    "EarningsPerShareDiluted":4.37,
    "GrossProfit":"N\/A",
    "Liabilities":3864212000000,
    "NetCashProvidedByUsedInFinancingActivities":179152000000,
    "NetCashProvidedByUsedInInvestingActivities":-181023000000,
    "NetCashProvidedByUsedInOperatingActivities":-189770000000,
    "NetIncomeLoss":12898000000,
    "OperatingExpenses":"N\/A",
    "OperatingIncomeLoss":"N\/A",
    "Revenues":"N\/A",
    "StockholdersEquity":345836000000
  },
  {
    "Company":"JP Morgan",
    "Date":"2024-12-31",
    "Assets":4002814000000,
    "CashAndCashEquivalentsAtCarryingValue":"N\/A",
    "CostOfRevenue":"N\/A",
    "EarningsPerShareDiluted":19.75,
    "GrossProfit":"N\/A",
    "Liabilities":3658056000000,
    "NetCashProvidedByUsedInFinancingActivities":63447000000,
    "NetCashProvidedByUsedInInvestingActivities":-163403000000,
    "NetCashProvidedByUsedInOperatingActivities":-42012000000,
    "NetIncomeLoss":58471000000,
    "OperatingExpenses":"N\/A",
    "OperatingIncomeLoss":"N\/A",
    "Revenues":177556000000,
    "StockholdersEquity":344758000000
  },
  {
    "Company":"JP Morgan",
    "Date":"2025-03-31",
    "Assets":4357856000000,
    "CashAndCashEquivalentsAtCarryingValue":"N\/A",
    "CostOfRevenue":"N\/A",
    "EarningsPerShareDiluted":5.07,
    "GrossProfit":"N\/A",
    "Liabilities":4006436000000,
    "NetCashProvidedByUsedInFinancingActivities":318059000000,
    "NetCashProvidedByUsedInInvestingActivities":-118076000000,
    "NetCashProvidedByUsedInOperatingActivities":-251839000000,
    "NetIncomeLoss":14643000000,
    "OperatingExpenses":"N\/A",
    "OperatingIncomeLoss":"N\/A",
    "Revenues":"N\/A",
    "StockholdersEquity":351420000000
  },
  {
    "Company":"JP Morgan",
    "Date":"2025-06-30",
    "Assets":4552482000000,
    "CashAndCashEquivalentsAtCarryingValue":"N\/A",
    "CostOfRevenue":"N\/A",
    "EarningsPerShareDiluted":5.24,
    "GrossProfit":"N\/A",
    "Liabilities":4195558000000,
    "NetCashProvidedByUsedInFinancingActivities":440863000000,
    "NetCashProvidedByUsedInInvestingActivities":-291136000000,
    "NetCashProvidedByUsedInOperatingActivities":-222292000000,
    "NetIncomeLoss":14987000000,
    "OperatingExpenses":"N\/A",
    "OperatingIncomeLoss":"N\/A",
    "Revenues":"N\/A",
    "StockholdersEquity":356924000000
  },
  {
    "Company":"JP Morgan",
    "Date":"2025-09-30",
    "Assets":4560205000000,
    "CashAndCashEquivalentsAtCarryingValue":"N\/A",
    "CostOfRevenue":"N\/A",
    "EarningsPerShareDiluted":5.07,
    "GrossProfit":"N\/A",
    "Liabilities":4199993000000,
    "NetCashProvidedByUsedInFinancingActivities":393090000000,
    "NetCashProvidedByUsedInInvestingActivities":-312447000000,
    "NetCashProvidedByUsedInOperatingActivities":-267506000000,
    "NetIncomeLoss":14393000000,
    "OperatingExpenses":"N\/A",
    "OperatingIncomeLoss":"N\/A",
    "Revenues":"N\/A",
    "StockholdersEquity":360212000000
  }
]